
@article{abeles_sur_1948,
  title = {Sur La Propagation Des Ondes \'Electromagn\'etiques Dans Les Milieux Sratifi\'es},
  volume = {12},
  doi = {10.1051/anphys/194812030504},
  number = {3},
  journal = {Ann. Phys.},
  author = {Abel\`es, F.},
  year = {1948},
  pages = {504-520}
}

@article{parratt_surface_1954,
  title = {Surface {{Studies}} of {{Solids}} by {{Total Reflection}} of {{X}}-{{Rays}}},
  volume = {95},
  doi = {10.1103/PhysRev.95.359},
  number = {2},
  journal = {Phys. Rev.},
  author = {Parratt, L. G.},
  year = {1954},
  pages = {359-369},
  file = {/Users/andrew/Zotero/storage/X4FW69B7/Parratt - 1954 - Surface Studies of Solids by Total Reflection of X.pdf}
}

@article{pluhackova_biomembranes_2015,
  title = {Biomembranes in Atomistic and Coarse-Grained Simulations},
  volume = {27},
  doi = {10.1088/0953-8984/27/32/323103},
  number = {32},
  journal = {J. Phys. Condens. Matter},
  author = {Pluhackova, K. and B\"ockmann, R. A.},
  year = {2015},
  pages = {323103},
  file = {/Users/andrew/Zotero/storage/Z29FTV6T/Pluhackova and Böckmann - 2015 - Biomembranes in atomistic and coarse-grained simul.pdf}
}

@article{renaud_probing_2009,
  title = {Probing Surface and Interface Morphology with {{Grazing Incidence Small Angle X}}-{{Ray Scattering}}},
  volume = {64},
  doi = {10.1016/j.surfrep.2009.07.002},
  number = {8},
  journal = {Surf. Sci. Rep.},
  author = {Renaud, G. and Lazzari, R. and Leroy, F.},
  year = {2009},
  pages = {255-380},
  file = {/Users/andrew/Zotero/storage/UQIH8867/Renaud et al. - 2009 - Probing surface and interface morphology with Graz.pdf}
}

@article{waldie_localization_2018,
  title = {Localization of {{Cholesterol}} within {{Supported Lipid Bilayers Made}} of a {{Natural Extract}} of {{Tailor}}-{{Deuterated Phosphatidylcholine}}},
  volume = {34},
  doi = {10.1021/acs.langmuir.7b02716},
  number = {1},
  journal = {Langmuir},
  author = {Waldie, S. and Lind, T. K. and Browning, K. and Moulin, M. and Haertlein, M. and Forsyth, V. T. and Luchini, A. and Strohmeier, G. A. and Pichler, H. and Maric, S. and C\'ardenas, M.},
  year = {2018},
  pages = {472-479},
  file = {/Users/andrew/Zotero/storage/SK375EI6/Waldie et al. - 2018 - Localization of Cholesterol within Supported Lipid.pdf}
}

@article{beebee_effect_2019,
  title = {Effect of Electrochemical Control Function on the Internal Structure and Composition of Electrodeposited Polypyrrole Films: {{A}} Neutron Reflectometry Study},
  volume = {295},
  doi = {10.1016/j.electacta.2018.10.064},
  journal = {Electrochim. Acta},
  author = {Beebee, C. and Watkins, E. B. and Sapstead, R. M. and Ferreira, V. C. and Ryder, K. S. and Smith, E. L. and Hillman, A. R.},
  year = {2019},
  pages = {978-988},
  file = {/Users/andrew/Zotero/storage/HJ2LP6ZG/Beebee et al. - 2019 - Effect of electrochemical control function on the .pdf}
}

@article{mccree-grey_preferred_2015,
  title = {Preferred {{Molecular Orientation}} of {{Coumarin}} 343 on {{TiO}} {\textsubscript{2}} {{Surfaces}}: {{Application}} to {{Dye}}-{{Sensitized Solar Cells}}},
  volume = {7},
  doi = {10.1021/acsami.5b03572},
  number = {30},
  journal = {ACS Appl. Mater. Interfaces},
  author = {{McCree-Grey}, J. and Cole, J. M. and Evans, P. J.},
  year = {2015},
  pages = {16404-16409},
  file = {/Users/andrew/Zotero/storage/CIINAPNH/McCree-Grey et al. - 2015 - Preferred Molecular Orientation of Coumarin 343 on.pdf}
}

@article{llamas_study_2018,
  title = {Study of the {{Liquid}}/{{Vapor Interfacial Properties}} of {{Concentrated Polyelectrolyte}}\textendash{{Surfactant Mixtures Using Surface Tensiometry}} and {{Neutron Reflectometry}}: {{Equilibrium}}, {{Adsorption Kinetics}}, and {{Dilational Rheology}}},
  volume = {122},
  doi = {10.1021/acs.jpcc.7b12457},
  number = {8},
  journal = {J. Phys. Chem. C},
  author = {Llamas, S. and Guzm\'an, E. and Akanno, A. and {Fern\'andez-Pe\~na}, L. and Ortega, F. and Campbell, R. A. and Miller, R. and Rubio, R. G.},
  year = {2018},
  pages = {4419-4427},
  file = {/Users/andrew/Zotero/storage/Q4JGC25C/Llamas et al. - 2018 - Study of the LiquidVapor Interfacial Properties o.pdf}
}

@article{arnold_implementation_2012,
  title = {Implementation of a Beam Deflection System for Studies of Liquid Interfaces on Beamline {{I07}} at {{Diamond}}},
  volume = {19},
  doi = {10.1107/S0909049512009272},
  number = {3},
  journal = {J. Synchotron Radiat.},
  author = {Arnold, T. and Nicklin, C. and Rawle, J. and Sutter, J. and Bates, Trevor and Nutter, B. and McIntyre, G. and Burt, M.},
  year = {2012},
  pages = {408-416},
  file = {/Users/andrew/Zotero/storage/JBZLACCZ/Arnold et al. - 2012 - Implementation of a beam deflection system for stu.pdf}
}

@article{campbell_figaro_2011,
  title = {{{FIGARO}}: {{The}} New Horizontal Neutron Reflectometer at the {{ILL}}},
  volume = {126},
  doi = {10.1140/epjp/i2011-11107-8},
  number = {11},
  journal = {Eur. Phys. J. Plus},
  author = {Campbell, R. A. and Wacklin, H. P. and Sutton, I. and Cubitt, R. and Fragneto, G.},
  year = {2011},
  pages = {107},
  file = {/Users/andrew/Zotero/storage/D4UNQPUI/Campbell et al. - 2011 - FIGARO The new horizontal neutron reflectometer a.pdf}
}

@article{bobone_membrane_2013,
  title = {Membrane Thickness and the Mechanism of Action of the Short Peptaibol Trichogin {{GA IV}}},
  volume = {1828},
  doi = {10.1016/j.bbamem.2012.11.033},
  number = {3},
  journal = {(BBA) - Biomembranes},
  author = {Bobone, S. and Gerelli, Y. and De Zotti, M. and Bocchinfuso, G. and Farrotti, A. and Orioni, B. and Sebastiani, F. and Latter, E. and Penfold, J. and Senesi, R. and Formaggio, F. and Palleschi, A. and Toniolo, C. and Fragneto, G. and Stella, L.},
  year = {2013},
  pages = {1013-1024},
  file = {/Users/andrew/Zotero/storage/3RG295GW/Bobone et al. - 2013 - Membrane thickness and the mechanism of action of .pdf}
}

@article{darre_molecular_2015,
  title = {Molecular {{Dynamics Simulations}} and {{Neutron Reflectivity}} as an {{Effective Approach To Characterize Biological Membranes}} and {{Related Macromolecular Assemblies}}},
  volume = {11},
  doi = {10.1021/acs.jctc.5b00635},
  number = {10},
  journal = {J. Chem. Theory Comput.},
  author = {Darr\'e, L. and {Iglesias-Fernandez}, J. and Kohlmeyer, A. and Wacklin, H. and Domene, C.},
  year = {2015},
  pages = {4875-4884},
  file = {/Users/andrew/Zotero/storage/PALLBQBT/Darré et al. - 2015 - Molecular Dynamics Simulations and Neutron Reflect.pdf}
}

@article{anderson_molecular_2004,
  title = {Molecular Dynamics Simulations of Amphiphilic Graft Copolymer Molecules at a Water/Air Interface},
  volume = {121},
  doi = {10.1063/1.1796251},
  number = {17},
  journal = {J. Chem. Phys.},
  author = {Anderson, P. M. and Wilson, M. R.},
  year = {2004},
  pages = {8503},
  file = {/Users/andrew/Zotero/storage/HPBTHVYW/Anderson and Wilson - 2004 - Molecular dynamics simulations of amphiphilic graf.pdf}
}

@article{miller_monte_2003,
  title = {Monte {{Carlo}} Simulations of an Amphiphilic Polymer at a Hydrophobic/Hydrophilic Interface},
  volume = {101},
  doi = {10.1080/0026897031000068569},
  number = {8},
  journal = {Mol. Phys.},
  author = {Miller, A. F. and Wilson, M. R. and Cook, M. J. and Richards, R. W.},
  year = {2003},
  pages = {1131-1138},
  file = {/Users/andrew/Zotero/storage/TC535BUD/Miller et al. - 2003 - Monte Carlo simulations of an amphiphilic polymer .pdf}
}

@article{hughes_interpretation_2016,
  title = {On the Interpretation of Reflectivity Data from Lipid Bilayers in Terms of Molecular-Dynamics Models},
  volume = {72},
  doi = {10.1107/S2059798316016235},
  number = {12},
  journal = {Acta Crystallogr. D},
  author = {Hughes, A. V. and Ciesielski, F. and Kalli, A. C. and Clifton, L. A. and Charlton, T. R. and Sansom, M. S. P. and Webster, J. R. P.},
  year = {2016},
  pages = {1227-1240},
  file = {/Users/andrew/Zotero/storage/P2PDPYLC/Hughes et al. - 2016 - On the interpretation of reflectivity data from li.pdf}
}

@article{dabkowska_modulation_2014,
  title = {Modulation of {{Dipalmitoylphosphatidylcholine Monolayers}} by {{Dimethyl Sulfoxide}}},
  volume = {30},
  doi = {10.1021/la501275h},
  number = {29},
  journal = {Langmuir},
  author = {Dabkowska, A. P. and Collins, L. E. and Barlow, D. J. and Barker, R. and McLain, S. E. and Lawrence, M. J. and Lorenz, C. D.},
  year = {2014},
  pages = {8803-8811},
  file = {/Users/andrew/Zotero/storage/CJFPTVWK/Dabkowska et al. - 2014 - Modulation of Dipalmitoylphosphatidylcholine Monol.pdf}
}

@article{koutsioubas_combined_2016,
  title = {Combined {{Coarse}}-{{Grained Molecular Dynamics}} and {{Neutron Reflectivity Characterization}} of {{Supported Lipid Membranes}}},
  volume = {120},
  doi = {10.1021/acs.jpcb.6b05433},
  number = {44},
  journal = {J. Phys. Chem. B},
  author = {Koutsioubas, A.},
  year = {2016},
  pages = {11474-11483},
  file = {/Users/andrew/Zotero/storage/F3CWWXN9/Koutsioubas - 2016 - Combined Coarse-Grained Molecular Dynamics and Neu.pdf}
}

@article{berger_molecular_1997,
  title = {Molecular Dynamics Simulations of a Fluid Bilayer of Dipalmitoylphosphatidylcholine at Full Hydration, Constant Pressure, and Constant Temperature},
  volume = {72},
  doi = {10.1016/S0006-3495(97)78845-3},
  number = {5},
  journal = {Biophys. J.},
  author = {Berger, O. and Edholm, O. and J\"ahnig, F.},
  year = {1997},
  pages = {2002-2013},
  file = {/Users/andrew/Zotero/storage/KMI9V8J6/Berger et al. - 1997 - Molecular dynamics simulations of a fluid bilayer .pdf}
}

@article{marrink_martini_2007,
  title = {The {{MARTINI Force Field}}: {{Coarse Grained Model}} for {{Biomolecular Simulations}}},
  volume = {111},
  doi = {10.1021/jp071097f},
  number = {27},
  journal = {J. Phys. Chem. B},
  author = {Marrink, S. J. and Risselada, H. J. and Yefimov, S. and Tieleman, D. P. and {de Vries}, A. H.},
  year = {2007},
  pages = {7812-7824},
  file = {/Users/andrew/Zotero/storage/S4XR6WQK/Marrink et al. - 2007 - The MARTINI Force Field Coarse Grained Model for .pdf}
}

@article{jambeck_derivation_2012,
  title = {Derivation and {{Systematic Validation}} of a {{Refined All}}-{{Atom Force Field}} for {{Phosphatidylcholine Lipids}}},
  volume = {116},
  doi = {10.1021/jp212503e},
  number = {10},
  journal = {J. Phys. Chem. B},
  author = {J\"ambeck, J. P. M. and Lyubartsev, A. P.},
  year = {2012},
  pages = {3164-3179},
  file = {/Users/andrew/Zotero/storage/RBCDV4AU/Jämbeck and Lyubartsev - 2012 - Derivation and Systematic Validation of a Refined .pdf}
}

@article{braun_polymers_2017,
  title = {Polymers and Surfactants at Fluid Interfaces Studied with Specular Neutron Reflectometry},
  volume = {247},
  doi = {10.1016/j.cis.2017.07.005},
  journal = {Adv. Colloid Interface Sci.},
  author = {Braun, L. and Uhlig, M. and {von Klitzing}, R. and Campbell, R. A.},
  year = {2017},
  pages = {130-148},
  file = {/Users/andrew/Zotero/storage/JHIYWHU5/Braun et al. - 2017 - Polymers and surfactants at fluid interfaces studi.pdf}
}

@article{scoppola_combining_2018,
  title = {Combining Scattering and Computer Simulation for the Study of Biomolecular Soft Interfaces},
  volume = {37},
  doi = {10.1016/j.cocis.2018.06.008},
  journal = {Curr. Opin. Colloid Interface Sci.},
  author = {Scoppola, E. and Schneck, E.},
  year = {2018},
  pages = {88-100},
  file = {/Users/andrew/Zotero/storage/FY78L5J8/Scoppola and Schneck - 2018 - Combining scattering and computer simulation for t.pdf}
}

@article{mccluskey_bayesian_2019,
  title = {Bayesian Determination of the Effect of a Deep Eutectic Solvent on the Structure of Lipid Monolayers},
  volume = {xx},
  copyright = {All rights reserved},
  doi = {10.1039/C9CP00203K},
  number = {xx},
  journal = {Phys. Chem. Chem. Phys.},
  author = {McCluskey, A. R. and {Sanchez-Fernandez}, A. and Edler, K. J. and Parker, S. C. and Jackson, A. J. and Campbell, R. A. and Arnold, T.},
  year = {2019},
  pages = {xxx-xxx},
  file = {/Users/andrew/Zotero/storage/4FFTL7ER/Radziuk and Möhwald - 2016 - Ultrasonically treated liquid interfaces for progr.pdf}
}


